%YAML 1.1
%TAG !u! tag:unity3d.com,2011:
--- !u!29 &1
SceneSettings:
  m_ObjectHideFlags: 0
  m_PVSData: 
  m_PVSObjectsArray: []
  m_PVSPortalsArray: []
  m_OcclusionBakeSettings:
    smallestOccluder: 5
    smallestHole: 0.25
    backfaceThreshold: 100
--- !u!104 &2
RenderSettings:
  m_ObjectHideFlags: 0
  serializedVersion: 6
  m_Fog: 0
  m_FogColor: {r: 0.5, g: 0.5, b: 0.5, a: 1}
  m_FogMode: 3
  m_FogDensity: 0.01
  m_LinearFogStart: 0
  m_LinearFogEnd: 300
  m_AmbientSkyColor: {r: 0.212, g: 0.227, b: 0.259, a: 1}
  m_AmbientEquatorColor: {r: 0.114, g: 0.125, b: 0.133, a: 1}
  m_AmbientGroundColor: {r: 0.047, g: 0.043, b: 0.035, a: 1}
  m_AmbientIntensity: 1
  m_AmbientMode: 3
  m_SkyboxMaterial: {fileID: 0}
  m_HaloStrength: 0.5
  m_FlareStrength: 1
  m_FlareFadeSpeed: 3
  m_HaloTexture: {fileID: 0}
  m_SpotCookie: {fileID: 10001, guid: 0000000000000000e000000000000000, type: 0}
  m_DefaultReflectionMode: 0
  m_DefaultReflectionResolution: 128
  m_ReflectionBounces: 1
  m_ReflectionIntensity: 1
  m_CustomReflection: {fileID: 0}
  m_Sun: {fileID: 0}
--- !u!157 &3
LightmapSettings:
  m_ObjectHideFlags: 0
  serializedVersion: 6
  m_GIWorkflowMode: 1
  m_LightmapsMode: 1
  m_GISettings:
    serializedVersion: 2
    m_BounceScale: 1
    m_IndirectOutputScale: 1
    m_AlbedoBoost: 1
    m_TemporalCoherenceThreshold: 1
    m_EnvironmentLightingMode: 0
    m_EnableBakedLightmaps: 0
    m_EnableRealtimeLightmaps: 0
  m_LightmapEditorSettings:
    serializedVersion: 3
    m_Resolution: 2
    m_BakeResolution: 40
    m_TextureWidth: 1024
    m_TextureHeight: 1024
    m_AOMaxDistance: 1
    m_Padding: 2
    m_CompAOExponent: 0
    m_LightmapParameters: {fileID: 0}
    m_TextureCompression: 1
    m_FinalGather: 0
    m_FinalGatherRayCount: 1024
    m_ReflectionCompression: 2
  m_LightingDataAsset: {fileID: 0}
  m_RuntimeCPUUsage: 25
--- !u!196 &4
NavMeshSettings:
  serializedVersion: 2
  m_ObjectHideFlags: 0
  m_BuildSettings:
    serializedVersion: 2
    agentRadius: 0.5
    agentHeight: 2
    agentSlope: 45
    agentClimb: 0.4
    ledgeDropHeight: 0
    maxJumpAcrossDistance: 0
    accuratePlacement: 0
    minRegionArea: 2
    cellSize: 0.16666667
    manualCellSize: 0
  m_NavMeshData: {fileID: 0}
--- !u!1001 &336712367
Prefab:
  m_ObjectHideFlags: 0
  serializedVersion: 2
  m_Modification:
    m_TransformParent: {fileID: 1250963995}
    m_Modifications:
    - target: {fileID: 22478094, guid: 9076b2ab44d51e445955c860bfebc925, type: 2}
      propertyPath: m_LocalPosition.x
      value: 0
      objectReference: {fileID: 0}
    - target: {fileID: 22478094, guid: 9076b2ab44d51e445955c860bfebc925, type: 2}
      propertyPath: m_LocalPosition.y
      value: 0
      objectReference: {fileID: 0}
    - target: {fileID: 22478094, guid: 9076b2ab44d51e445955c860bfebc925, type: 2}
      propertyPath: m_LocalPosition.z
      value: 0
      objectReference: {fileID: 0}
    - target: {fileID: 22478094, guid: 9076b2ab44d51e445955c860bfebc925, type: 2}
      propertyPath: m_LocalRotation.x
      value: 0
      objectReference: {fileID: 0}
    - target: {fileID: 22478094, guid: 9076b2ab44d51e445955c860bfebc925, type: 2}
      propertyPath: m_LocalRotation.y
      value: 0
      objectReference: {fileID: 0}
    - target: {fileID: 22478094, guid: 9076b2ab44d51e445955c860bfebc925, type: 2}
      propertyPath: m_LocalRotation.z
      value: 0
      objectReference: {fileID: 0}
    - target: {fileID: 22478094, guid: 9076b2ab44d51e445955c860bfebc925, type: 2}
      propertyPath: m_LocalRotation.w
      value: 1
      objectReference: {fileID: 0}
    - target: {fileID: 22478094, guid: 9076b2ab44d51e445955c860bfebc925, type: 2}
      propertyPath: m_RootOrder
      value: 0
      objectReference: {fileID: 0}
    - target: {fileID: 22478094, guid: 9076b2ab44d51e445955c860bfebc925, type: 2}
      propertyPath: m_AnchoredPosition.x
      value: -0.000022888093
      objectReference: {fileID: 0}
    - target: {fileID: 22478094, guid: 9076b2ab44d51e445955c860bfebc925, type: 2}
      propertyPath: m_AnchoredPosition.y
      value: 0.0000076293945
      objectReference: {fileID: 0}
    - target: {fileID: 22478094, guid: 9076b2ab44d51e445955c860bfebc925, type: 2}
      propertyPath: m_SizeDelta.x
      value: 402
      objectReference: {fileID: 0}
    - target: {fileID: 22478094, guid: 9076b2ab44d51e445955c860bfebc925, type: 2}
      propertyPath: m_SizeDelta.y
      value: 712
      objectReference: {fileID: 0}
    - target: {fileID: 22478094, guid: 9076b2ab44d51e445955c860bfebc925, type: 2}
      propertyPath: m_AnchorMin.x
      value: 0
      objectReference: {fileID: 0}
    - target: {fileID: 22478094, guid: 9076b2ab44d51e445955c860bfebc925, type: 2}
      propertyPath: m_AnchorMin.y
      value: 0.5
      objectReference: {fileID: 0}
    - target: {fileID: 22478094, guid: 9076b2ab44d51e445955c860bfebc925, type: 2}
      propertyPath: m_AnchorMax.x
      value: 1
      objectReference: {fileID: 0}
    - target: {fileID: 22478094, guid: 9076b2ab44d51e445955c860bfebc925, type: 2}
      propertyPath: m_AnchorMax.y
      value: 0.5
      objectReference: {fileID: 0}
    - target: {fileID: 22478094, guid: 9076b2ab44d51e445955c860bfebc925, type: 2}
      propertyPath: m_Pivot.x
      value: 0.5
      objectReference: {fileID: 0}
    - target: {fileID: 22478094, guid: 9076b2ab44d51e445955c860bfebc925, type: 2}
      propertyPath: m_Pivot.y
      value: 0.5
      objectReference: {fileID: 0}
    - target: {fileID: 11482210, guid: 9076b2ab44d51e445955c860bfebc925, type: 2}
      propertyPath: m_Color.r
      value: 0.91372555
      objectReference: {fileID: 0}
    - target: {fileID: 11482210, guid: 9076b2ab44d51e445955c860bfebc925, type: 2}
      propertyPath: m_Color.g
      value: 0.28235295
      objectReference: {fileID: 0}
    - target: {fileID: 11482210, guid: 9076b2ab44d51e445955c860bfebc925, type: 2}
      propertyPath: m_Color.b
      value: 0.003921569
      objectReference: {fileID: 0}
    - target: {fileID: 11439228, guid: 9076b2ab44d51e445955c860bfebc925, type: 2}
      propertyPath: m_Color.r
      value: 0.91372555
      objectReference: {fileID: 0}
    - target: {fileID: 11439228, guid: 9076b2ab44d51e445955c860bfebc925, type: 2}
      propertyPath: m_Color.g
      value: 0.28235295
      objectReference: {fileID: 0}
    - target: {fileID: 11439228, guid: 9076b2ab44d51e445955c860bfebc925, type: 2}
      propertyPath: m_Color.b
      value: 0.003921569
      objectReference: {fileID: 0}
    - target: {fileID: 11478082, guid: 9076b2ab44d51e445955c860bfebc925, type: 2}
      propertyPath: m_Color.r
      value: 0.91372555
      objectReference: {fileID: 0}
    - target: {fileID: 11478082, guid: 9076b2ab44d51e445955c860bfebc925, type: 2}
      propertyPath: m_Color.g
      value: 0.28235295
      objectReference: {fileID: 0}
    - target: {fileID: 11478082, guid: 9076b2ab44d51e445955c860bfebc925, type: 2}
      propertyPath: m_Color.b
      value: 0.003921569
      objectReference: {fileID: 0}
    - target: {fileID: 11443192, guid: 9076b2ab44d51e445955c860bfebc925, type: 2}
      propertyPath: m_Color.r
      value: 0.91372555
      objectReference: {fileID: 0}
    - target: {fileID: 11443192, guid: 9076b2ab44d51e445955c860bfebc925, type: 2}
      propertyPath: m_Color.g
      value: 0.28235295
      objectReference: {fileID: 0}
    - target: {fileID: 11443192, guid: 9076b2ab44d51e445955c860bfebc925, type: 2}
      propertyPath: m_Color.b
      value: 0.003921569
      objectReference: {fileID: 0}
    - target: {fileID: 11484518, guid: 9076b2ab44d51e445955c860bfebc925, type: 2}
      propertyPath: m_Color.r
      value: 1
      objectReference: {fileID: 0}
    - target: {fileID: 11484518, guid: 9076b2ab44d51e445955c860bfebc925, type: 2}
      propertyPath: m_Color.g
      value: 0.7936335
      objectReference: {fileID: 0}
    - target: {fileID: 11484518, guid: 9076b2ab44d51e445955c860bfebc925, type: 2}
      propertyPath: m_Color.b
      value: 0.08823532
      objectReference: {fileID: 0}
    - target: {fileID: 11453194, guid: 9076b2ab44d51e445955c860bfebc925, type: 2}
      propertyPath: m_Color.r
      value: 1
      objectReference: {fileID: 0}
    - target: {fileID: 11453194, guid: 9076b2ab44d51e445955c860bfebc925, type: 2}
      propertyPath: m_Color.g
      value: 0.7936335
      objectReference: {fileID: 0}
    - target: {fileID: 11453194, guid: 9076b2ab44d51e445955c860bfebc925, type: 2}
      propertyPath: m_Color.b
      value: 0.08823532
      objectReference: {fileID: 0}
    - target: {fileID: 11438812, guid: 9076b2ab44d51e445955c860bfebc925, type: 2}
      propertyPath: m_Color.r
      value: 1
      objectReference: {fileID: 0}
    - target: {fileID: 11438812, guid: 9076b2ab44d51e445955c860bfebc925, type: 2}
      propertyPath: m_Color.g
      value: 0.7936335
      objectReference: {fileID: 0}
    - target: {fileID: 11438812, guid: 9076b2ab44d51e445955c860bfebc925, type: 2}
      propertyPath: m_Color.b
      value: 0.08823532
      objectReference: {fileID: 0}
    - target: {fileID: 11470846, guid: 9076b2ab44d51e445955c860bfebc925, type: 2}
      propertyPath: m_Color.r
      value: 1
      objectReference: {fileID: 0}
    - target: {fileID: 11470846, guid: 9076b2ab44d51e445955c860bfebc925, type: 2}
      propertyPath: m_Color.g
      value: 0.7936335
      objectReference: {fileID: 0}
    - target: {fileID: 11470846, guid: 9076b2ab44d51e445955c860bfebc925, type: 2}
      propertyPath: m_Color.b
      value: 0.08823532
      objectReference: {fileID: 0}
    - target: {fileID: 11409336, guid: 9076b2ab44d51e445955c860bfebc925, type: 2}
      propertyPath: m_Color.r
      value: 1
      objectReference: {fileID: 0}
    - target: {fileID: 11409336, guid: 9076b2ab44d51e445955c860bfebc925, type: 2}
      propertyPath: m_Color.g
      value: 0.7936335
      objectReference: {fileID: 0}
    - target: {fileID: 11409336, guid: 9076b2ab44d51e445955c860bfebc925, type: 2}
      propertyPath: m_Color.b
      value: 0.08823532
      objectReference: {fileID: 0}
    - target: {fileID: 11443466, guid: 9076b2ab44d51e445955c860bfebc925, type: 2}
      propertyPath: m_Color.r
      value: 1
      objectReference: {fileID: 0}
    - target: {fileID: 11443466, guid: 9076b2ab44d51e445955c860bfebc925, type: 2}
      propertyPath: m_Color.g
      value: 0.7936335
      objectReference: {fileID: 0}
    - target: {fileID: 11443466, guid: 9076b2ab44d51e445955c860bfebc925, type: 2}
      propertyPath: m_Color.b
      value: 0.08823532
      objectReference: {fileID: 0}
    - target: {fileID: 11428556, guid: 9076b2ab44d51e445955c860bfebc925, type: 2}
      propertyPath: m_Color.r
      value: 1
      objectReference: {fileID: 0}
    - target: {fileID: 11428556, guid: 9076b2ab44d51e445955c860bfebc925, type: 2}
      propertyPath: m_Color.g
      value: 0.7936335
      objectReference: {fileID: 0}
    - target: {fileID: 11428556, guid: 9076b2ab44d51e445955c860bfebc925, type: 2}
      propertyPath: m_Color.b
      value: 0.08823532
      objectReference: {fileID: 0}
    - target: {fileID: 11459230, guid: 9076b2ab44d51e445955c860bfebc925, type: 2}
      propertyPath: m_Color.r
      value: 1
      objectReference: {fileID: 0}
    - target: {fileID: 11459230, guid: 9076b2ab44d51e445955c860bfebc925, type: 2}
      propertyPath: m_Color.g
      value: 0.7936335
      objectReference: {fileID: 0}
    - target: {fileID: 11459230, guid: 9076b2ab44d51e445955c860bfebc925, type: 2}
      propertyPath: m_Color.b
      value: 0.08823532
      objectReference: {fileID: 0}
    - target: {fileID: 22466202, guid: 9076b2ab44d51e445955c860bfebc925, type: 2}
      propertyPath: m_LocalRotation.z
      value: 0.25881907
      objectReference: {fileID: 0}
    - target: {fileID: 22466202, guid: 9076b2ab44d51e445955c860bfebc925, type: 2}
      propertyPath: m_LocalRotation.w
      value: 0.9659258
      objectReference: {fileID: 0}
    - target: {fileID: 22466202, guid: 9076b2ab44d51e445955c860bfebc925, type: 2}
      propertyPath: m_LocalEulerAnglesHint.z
      value: 70.00001
      objectReference: {fileID: 0}
    - target: {fileID: 22467666, guid: 9076b2ab44d51e445955c860bfebc925, type: 2}
      propertyPath: m_LocalRotation.z
      value: -0.34202018
      objectReference: {fileID: 0}
    - target: {fileID: 22467666, guid: 9076b2ab44d51e445955c860bfebc925, type: 2}
      propertyPath: m_LocalRotation.w
      value: 0.9396926
      objectReference: {fileID: 0}
    - target: {fileID: 22467666, guid: 9076b2ab44d51e445955c860bfebc925, type: 2}
      propertyPath: m_LocalEulerAnglesHint.z
      value: 135.00002
      objectReference: {fileID: 0}
    - target: {fileID: 157826, guid: 9076b2ab44d51e445955c860bfebc925, type: 2}
      propertyPath: m_IsActive
      value: 1
      objectReference: {fileID: 0}
    m_RemovedComponents: []
  m_ParentPrefab: {fileID: 100100000, guid: 9076b2ab44d51e445955c860bfebc925, type: 2}
  m_IsPrefabParent: 0
--- !u!1 &372719280 stripped
GameObject:
  m_PrefabParentObject: {fileID: 157826, guid: 9076b2ab44d51e445955c860bfebc925, type: 2}
  m_PrefabInternal: {fileID: 336712367}
--- !u!224 &372719281 stripped
RectTransform:
  m_PrefabParentObject: {fileID: 22478094, guid: 9076b2ab44d51e445955c860bfebc925,
    type: 2}
  m_PrefabInternal: {fileID: 336712367}
--- !u!95 &372719282
Animator:
  serializedVersion: 3
  m_ObjectHideFlags: 0
  m_PrefabParentObject: {fileID: 0}
  m_PrefabInternal: {fileID: 0}
  m_GameObject: {fileID: 372719280}
  m_Enabled: 1
  m_Avatar: {fileID: 0}
  m_Controller: {fileID: 9100000, guid: d14cdc5aa09d9634f82d8b1b1bb2426b, type: 2}
  m_CullingMode: 0
  m_UpdateMode: 0
  m_ApplyRootMotion: 0
  m_LinearVelocityBlending: 0
  m_WarningMessage: 
  m_HasTransformHierarchy: 1
  m_AllowConstantClipSamplingOptimization: 1
--- !u!1 &374219530
GameObject:
  m_ObjectHideFlags: 0
  m_PrefabParentObject: {fileID: 0}
  m_PrefabInternal: {fileID: 0}
  serializedVersion: 4
  m_Component:
  - 224: {fileID: 374219531}
  - 222: {fileID: 374219533}
  - 114: {fileID: 374219532}
  m_Layer: 5
  m_Name: BG
  m_TagString: Untagged
  m_Icon: {fileID: 0}
  m_NavMeshLayer: 0
  m_StaticEditorFlags: 0
  m_IsActive: 1
--- !u!224 &374219531
RectTransform:
  m_ObjectHideFlags: 0
  m_PrefabParentObject: {fileID: 0}
  m_PrefabInternal: {fileID: 0}
  m_GameObject: {fileID: 374219530}
  m_LocalRotation: {x: 0, y: 0, z: 0, w: 1}
  m_LocalPosition: {x: 0, y: 0, z: 0}
  m_LocalScale: {x: 1, y: 1, z: 1}
  m_LocalEulerAnglesHint: {x: 0, y: 0, z: 0}
  m_Children: []
  m_Father: {fileID: 623052675}
  m_RootOrder: 0
  m_AnchorMin: {x: 0, y: 0}
  m_AnchorMax: {x: 1, y: 1}
  m_AnchoredPosition: {x: 0.000061035156, y: 0}
  m_SizeDelta: {x: 0, y: 0}
  m_Pivot: {x: 0.5, y: 0.5}
--- !u!114 &374219532
MonoBehaviour:
  m_ObjectHideFlags: 0
  m_PrefabParentObject: {fileID: 0}
  m_PrefabInternal: {fileID: 0}
  m_GameObject: {fileID: 374219530}
  m_Enabled: 1
  m_EditorHideFlags: 0
  m_Script: {fileID: -765806418, guid: f5f67c52d1564df4a8936ccd202a3bd8, type: 3}
  m_Name: 
  m_EditorClassIdentifier: 
  m_Material: {fileID: 0}
  m_Color: {r: 1, g: 1, b: 1, a: 1}
  m_RaycastTarget: 1
  m_OnCullStateChanged:
    m_PersistentCalls:
      m_Calls: []
    m_TypeName: UnityEngine.UI.MaskableGraphic+CullStateChangedEvent, UnityEngine.UI,
      Version=1.0.0.0, Culture=neutral, PublicKeyToken=null
  m_Sprite: {fileID: 21300000, guid: 1afaa20833a879e49ab89938c08c5683, type: 3}
  m_Type: 0
  m_PreserveAspect: 0
  m_FillCenter: 1
  m_FillMethod: 4
  m_FillAmount: 1
  m_FillClockwise: 1
  m_FillOrigin: 0
--- !u!222 &374219533
CanvasRenderer:
  m_ObjectHideFlags: 0
  m_PrefabParentObject: {fileID: 0}
  m_PrefabInternal: {fileID: 0}
  m_GameObject: {fileID: 374219530}
--- !u!1 &623052672
GameObject:
  m_ObjectHideFlags: 0
  m_PrefabParentObject: {fileID: 0}
  m_PrefabInternal: {fileID: 0}
  serializedVersion: 4
  m_Component:
  - 224: {fileID: 623052675}
  - 223: {fileID: 623052674}
  - 114: {fileID: 623052673}
  - 114: {fileID: 623052676}
  m_Layer: 0
  m_Name: MenuUICanvas
  m_TagString: Untagged
  m_Icon: {fileID: 0}
  m_NavMeshLayer: 0
  m_StaticEditorFlags: 0
  m_IsActive: 1
--- !u!114 &623052673
MonoBehaviour:
  m_ObjectHideFlags: 0
  m_PrefabParentObject: {fileID: 0}
  m_PrefabInternal: {fileID: 0}
  m_GameObject: {fileID: 623052672}
  m_Enabled: 1
  m_EditorHideFlags: 0
  m_Script: {fileID: 1980459831, guid: f5f67c52d1564df4a8936ccd202a3bd8, type: 3}
  m_Name: 
  m_EditorClassIdentifier: 
  m_UiScaleMode: 1
  m_ReferencePixelsPerUnit: 100
  m_ScaleFactor: 1
  m_ReferenceResolution: {x: 1920, y: 1080}
  m_ScreenMatchMode: 0
  m_MatchWidthOrHeight: 0.5
  m_PhysicalUnit: 3
  m_FallbackScreenDPI: 96
  m_DefaultSpriteDPI: 96
  m_DynamicPixelsPerUnit: 1
--- !u!223 &623052674
Canvas:
  m_ObjectHideFlags: 0
  m_PrefabParentObject: {fileID: 0}
  m_PrefabInternal: {fileID: 0}
  m_GameObject: {fileID: 623052672}
  m_Enabled: 1
  serializedVersion: 2
  m_RenderMode: 1
  m_Camera: {fileID: 884271679}
  m_PlaneDistance: 100
  m_PixelPerfect: 0
  m_ReceivesEvents: 1
  m_OverrideSorting: 0
  m_OverridePixelPerfect: 0
  m_SortingBucketNormalizedSize: 0
  m_SortingLayerID: 0
  m_SortingOrder: 0
  m_TargetDisplay: 0
--- !u!224 &623052675
RectTransform:
  m_ObjectHideFlags: 0
  m_PrefabParentObject: {fileID: 0}
  m_PrefabInternal: {fileID: 0}
  m_GameObject: {fileID: 623052672}
  m_LocalRotation: {x: 0, y: 0, z: 0, w: 1}
  m_LocalPosition: {x: 0, y: 0, z: 0}
  m_LocalScale: {x: 0, y: 0, z: 0}
  m_LocalEulerAnglesHint: {x: 0, y: 0, z: 0}
  m_Children:
  - {fileID: 374219531}
  - {fileID: 1461397200}
  - {fileID: 1042742282}
  m_Father: {fileID: 0}
  m_RootOrder: 0
  m_AnchorMin: {x: 0, y: 0}
  m_AnchorMax: {x: 0, y: 0}
  m_AnchoredPosition: {x: 0, y: 0}
  m_SizeDelta: {x: 0, y: 0}
  m_Pivot: {x: 0, y: 0}
--- !u!114 &623052676
MonoBehaviour:
  m_ObjectHideFlags: 0
  m_PrefabParentObject: {fileID: 0}
  m_PrefabInternal: {fileID: 0}
  m_GameObject: {fileID: 623052672}
  m_Enabled: 1
  m_EditorHideFlags: 0
  m_Script: {fileID: 1301386320, guid: f5f67c52d1564df4a8936ccd202a3bd8, type: 3}
  m_Name: 
  m_EditorClassIdentifier: 
  m_IgnoreReversedGraphics: 1
  m_BlockingObjects: 1
  m_BlockingMask:
    serializedVersion: 2
    m_Bits: 4294967295
--- !u!1 &701369865
GameObject:
  m_ObjectHideFlags: 0
  m_PrefabParentObject: {fileID: 0}
  m_PrefabInternal: {fileID: 0}
  serializedVersion: 4
  m_Component:
  - 224: {fileID: 701369866}
  - 222: {fileID: 701369868}
  - 114: {fileID: 701369867}
  m_Layer: 0
  m_Name: Trame
  m_TagString: Untagged
  m_Icon: {fileID: 0}
  m_NavMeshLayer: 0
  m_StaticEditorFlags: 0
  m_IsActive: 1
--- !u!224 &701369866
RectTransform:
  m_ObjectHideFlags: 0
  m_PrefabParentObject: {fileID: 0}
  m_PrefabInternal: {fileID: 0}
  m_GameObject: {fileID: 701369865}
  m_LocalRotation: {x: 0, y: 0, z: 0, w: 1}
  m_LocalPosition: {x: 0, y: 0, z: 0}
  m_LocalScale: {x: 1, y: 1, z: 1}
  m_LocalEulerAnglesHint: {x: 0, y: 0, z: 0}
  m_Children: []
  m_Father: {fileID: 971501641}
  m_RootOrder: 0
  m_AnchorMin: {x: 0, y: 0}
  m_AnchorMax: {x: 1, y: 1}
  m_AnchoredPosition: {x: 0, y: 0}
  m_SizeDelta: {x: 0, y: 0}
  m_Pivot: {x: 0.5, y: 0.5}
--- !u!114 &701369867
MonoBehaviour:
  m_ObjectHideFlags: 0
  m_PrefabParentObject: {fileID: 0}
  m_PrefabInternal: {fileID: 0}
  m_GameObject: {fileID: 701369865}
  m_Enabled: 1
  m_EditorHideFlags: 0
  m_Script: {fileID: -765806418, guid: f5f67c52d1564df4a8936ccd202a3bd8, type: 3}
  m_Name: 
  m_EditorClassIdentifier: 
  m_Material: {fileID: 0}
  m_Color: {r: 1, g: 1, b: 1, a: 1}
  m_RaycastTarget: 0
  m_OnCullStateChanged:
    m_PersistentCalls:
      m_Calls: []
    m_TypeName: UnityEngine.UI.MaskableGraphic+CullStateChangedEvent, UnityEngine.UI,
      Version=1.0.0.0, Culture=neutral, PublicKeyToken=null
  m_Sprite: {fileID: 21300000, guid: 5848ae855969e2a458df8bf05dae1e60, type: 3}
  m_Type: 2
  m_PreserveAspect: 0
  m_FillCenter: 1
  m_FillMethod: 4
  m_FillAmount: 1
  m_FillClockwise: 1
  m_FillOrigin: 0
--- !u!222 &701369868
CanvasRenderer:
  m_ObjectHideFlags: 0
  m_PrefabParentObject: {fileID: 0}
  m_PrefabInternal: {fileID: 0}
  m_GameObject: {fileID: 701369865}
--- !u!1 &790007456
GameObject:
  m_ObjectHideFlags: 0
  m_PrefabParentObject: {fileID: 0}
  m_PrefabInternal: {fileID: 0}
  serializedVersion: 4
  m_Component:
  - 224: {fileID: 790007457}
  m_Layer: 0
  m_Name: Prize00
  m_TagString: Untagged
  m_Icon: {fileID: 0}
  m_NavMeshLayer: 0
  m_StaticEditorFlags: 0
  m_IsActive: 1
--- !u!224 &790007457
RectTransform:
  m_ObjectHideFlags: 0
  m_PrefabParentObject: {fileID: 0}
  m_PrefabInternal: {fileID: 0}
  m_GameObject: {fileID: 790007456}
  m_LocalRotation: {x: 0, y: 0, z: 0, w: 1}
  m_LocalPosition: {x: 0, y: 0, z: 0}
  m_LocalScale: {x: 1, y: 1, z: 1}
  m_LocalEulerAnglesHint: {x: 0, y: 0, z: 0}
  m_Children:
  - {fileID: 937008230}
  m_Father: {fileID: 1042742282}
  m_RootOrder: 2
  m_AnchorMin: {x: 0.5, y: 0.5}
  m_AnchorMax: {x: 0.5, y: 0.5}
  m_AnchoredPosition: {x: 0, y: 0}
  m_SizeDelta: {x: 310, y: 400}
  m_Pivot: {x: 0.5, y: 0.5}
--- !u!1001 &839974818
Prefab:
  m_ObjectHideFlags: 0
  serializedVersion: 2
  m_Modification:
    m_TransformParent: {fileID: 623052675}
    m_Modifications:
    - target: {fileID: 22414530, guid: 04703997e56a9e74c9f3006c2b0955ac, type: 2}
      propertyPath: m_LocalPosition.x
      value: 0
      objectReference: {fileID: 0}
    - target: {fileID: 22414530, guid: 04703997e56a9e74c9f3006c2b0955ac, type: 2}
      propertyPath: m_LocalPosition.y
      value: 0
      objectReference: {fileID: 0}
    - target: {fileID: 22414530, guid: 04703997e56a9e74c9f3006c2b0955ac, type: 2}
      propertyPath: m_LocalPosition.z
      value: 0
      objectReference: {fileID: 0}
    - target: {fileID: 22414530, guid: 04703997e56a9e74c9f3006c2b0955ac, type: 2}
      propertyPath: m_LocalRotation.x
      value: 0
      objectReference: {fileID: 0}
    - target: {fileID: 22414530, guid: 04703997e56a9e74c9f3006c2b0955ac, type: 2}
      propertyPath: m_LocalRotation.y
      value: 0
      objectReference: {fileID: 0}
    - target: {fileID: 22414530, guid: 04703997e56a9e74c9f3006c2b0955ac, type: 2}
      propertyPath: m_LocalRotation.z
      value: 0
      objectReference: {fileID: 0}
    - target: {fileID: 22414530, guid: 04703997e56a9e74c9f3006c2b0955ac, type: 2}
      propertyPath: m_LocalRotation.w
      value: 1
      objectReference: {fileID: 0}
    - target: {fileID: 22414530, guid: 04703997e56a9e74c9f3006c2b0955ac, type: 2}
      propertyPath: m_RootOrder
      value: 1
      objectReference: {fileID: 0}
    - target: {fileID: 22414530, guid: 04703997e56a9e74c9f3006c2b0955ac, type: 2}
      propertyPath: m_AnchoredPosition.x
      value: 0
      objectReference: {fileID: 0}
    - target: {fileID: 22414530, guid: 04703997e56a9e74c9f3006c2b0955ac, type: 2}
      propertyPath: m_AnchoredPosition.y
      value: 0
      objectReference: {fileID: 0}
    - target: {fileID: 22414530, guid: 04703997e56a9e74c9f3006c2b0955ac, type: 2}
      propertyPath: m_SizeDelta.x
      value: 0
      objectReference: {fileID: 0}
    - target: {fileID: 22414530, guid: 04703997e56a9e74c9f3006c2b0955ac, type: 2}
      propertyPath: m_SizeDelta.y
      value: 0
      objectReference: {fileID: 0}
    - target: {fileID: 22414530, guid: 04703997e56a9e74c9f3006c2b0955ac, type: 2}
      propertyPath: m_AnchorMin.x
      value: 0
      objectReference: {fileID: 0}
    - target: {fileID: 22414530, guid: 04703997e56a9e74c9f3006c2b0955ac, type: 2}
      propertyPath: m_AnchorMin.y
      value: 0
      objectReference: {fileID: 0}
    - target: {fileID: 22414530, guid: 04703997e56a9e74c9f3006c2b0955ac, type: 2}
      propertyPath: m_AnchorMax.x
      value: 1
      objectReference: {fileID: 0}
    - target: {fileID: 22414530, guid: 04703997e56a9e74c9f3006c2b0955ac, type: 2}
      propertyPath: m_AnchorMax.y
      value: 1
      objectReference: {fileID: 0}
    - target: {fileID: 22414530, guid: 04703997e56a9e74c9f3006c2b0955ac, type: 2}
      propertyPath: m_Pivot.x
      value: 0.5
      objectReference: {fileID: 0}
    - target: {fileID: 22414530, guid: 04703997e56a9e74c9f3006c2b0955ac, type: 2}
      propertyPath: m_Pivot.y
      value: 0.5
      objectReference: {fileID: 0}
    - target: {fileID: 129482, guid: 04703997e56a9e74c9f3006c2b0955ac, type: 2}
      propertyPath: m_IsActive
      value: 1
      objectReference: {fileID: 0}
    m_RemovedComponents: []
  m_ParentPrefab: {fileID: 100100000, guid: 04703997e56a9e74c9f3006c2b0955ac, type: 2}
  m_IsPrefabParent: 0
--- !u!1 &884271675
GameObject:
  m_ObjectHideFlags: 0
  m_PrefabParentObject: {fileID: 0}
  m_PrefabInternal: {fileID: 0}
  serializedVersion: 4
  m_Component:
  - 4: {fileID: 884271680}
  - 20: {fileID: 884271679}
  - 92: {fileID: 884271678}
  - 124: {fileID: 884271677}
  - 81: {fileID: 884271676}
  m_Layer: 0
  m_Name: PrizeCamera
  m_TagString: MainCamera
  m_Icon: {fileID: 0}
  m_NavMeshLayer: 0
  m_StaticEditorFlags: 0
  m_IsActive: 1
--- !u!81 &884271676
AudioListener:
  m_ObjectHideFlags: 0
  m_PrefabParentObject: {fileID: 0}
  m_PrefabInternal: {fileID: 0}
  m_GameObject: {fileID: 884271675}
  m_Enabled: 1
--- !u!124 &884271677
Behaviour:
  m_ObjectHideFlags: 0
  m_PrefabParentObject: {fileID: 0}
  m_PrefabInternal: {fileID: 0}
  m_GameObject: {fileID: 884271675}
  m_Enabled: 1
--- !u!92 &884271678
Behaviour:
  m_ObjectHideFlags: 0
  m_PrefabParentObject: {fileID: 0}
  m_PrefabInternal: {fileID: 0}
  m_GameObject: {fileID: 884271675}
  m_Enabled: 1
--- !u!20 &884271679
Camera:
  m_ObjectHideFlags: 0
  m_PrefabParentObject: {fileID: 0}
  m_PrefabInternal: {fileID: 0}
  m_GameObject: {fileID: 884271675}
  m_Enabled: 1
  serializedVersion: 2
  m_ClearFlags: 2
  m_BackGroundColor: {r: 0, g: 0, b: 0, a: 0.019607844}
  m_NormalizedViewPortRect:
    serializedVersion: 2
    x: 0
    y: 0
    width: 1
    height: 1
  near clip plane: 0.3
  far clip plane: 100
  field of view: 60
  orthographic: 1
  orthographic size: 540
  m_Depth: -1
  m_CullingMask:
    serializedVersion: 2
    m_Bits: 4294967295
  m_RenderingPath: -1
  m_TargetTexture: {fileID: 0}
  m_TargetDisplay: 0
  m_TargetEye: 3
  m_HDR: 0
  m_OcclusionCulling: 1
  m_StereoConvergence: 10
  m_StereoSeparation: 0.022
  m_StereoMirrorMode: 0
--- !u!4 &884271680
Transform:
  m_ObjectHideFlags: 0
  m_PrefabParentObject: {fileID: 0}
  m_PrefabInternal: {fileID: 0}
  m_GameObject: {fileID: 884271675}
  m_LocalRotation: {x: 0, y: 0, z: 0, w: 1}
  m_LocalPosition: {x: 960, y: 540, z: -5}
  m_LocalScale: {x: 1, y: 1, z: 1}
  m_LocalEulerAnglesHint: {x: 0, y: 0, z: 0}
  m_Children: []
  m_Father: {fileID: 0}
  m_RootOrder: 1
--- !u!224 &937008230 stripped
RectTransform:
  m_PrefabParentObject: {fileID: 22443688, guid: 6e3d7018f89c61443a41f3a4764eaf17,
    type: 2}
  m_PrefabInternal: {fileID: 2050416110}
--- !u!1 &971501640
GameObject:
  m_ObjectHideFlags: 0
  m_PrefabParentObject: {fileID: 0}
  m_PrefabInternal: {fileID: 0}
  serializedVersion: 4
  m_Component:
  - 224: {fileID: 971501641}
  m_Layer: 0
  m_Name: DarkBG
  m_TagString: Untagged
  m_Icon: {fileID: 0}
  m_NavMeshLayer: 0
  m_StaticEditorFlags: 0
  m_IsActive: 1
--- !u!224 &971501641
RectTransform:
  m_ObjectHideFlags: 0
  m_PrefabParentObject: {fileID: 0}
  m_PrefabInternal: {fileID: 0}
  m_GameObject: {fileID: 971501640}
  m_LocalRotation: {x: 0, y: 0, z: 0, w: 1}
  m_LocalPosition: {x: 0, y: 0, z: 0}
  m_LocalScale: {x: 1, y: 1, z: 1}
  m_LocalEulerAnglesHint: {x: 0, y: 0, z: 0}
  m_Children:
  - {fileID: 701369866}
  m_Father: {fileID: 1042742282}
  m_RootOrder: 0
  m_AnchorMin: {x: 0, y: 0}
  m_AnchorMax: {x: 1, y: 1}
  m_AnchoredPosition: {x: 0, y: 0}
  m_SizeDelta: {x: 0, y: 0}
  m_Pivot: {x: 0.5, y: 0.5}
--- !u!1 &1042742281
GameObject:
  m_ObjectHideFlags: 0
  m_PrefabParentObject: {fileID: 0}
  m_PrefabInternal: {fileID: 0}
  serializedVersion: 4
  m_Component:
  - 224: {fileID: 1042742282}
  - 95: {fileID: 1042742283}
  m_Layer: 0
  m_Name: UI_onePrize
  m_TagString: Untagged
  m_Icon: {fileID: 0}
  m_NavMeshLayer: 0
  m_StaticEditorFlags: 0
  m_IsActive: 1
--- !u!224 &1042742282
RectTransform:
  m_ObjectHideFlags: 0
  m_PrefabParentObject: {fileID: 0}
  m_PrefabInternal: {fileID: 0}
  m_GameObject: {fileID: 1042742281}
  m_LocalRotation: {x: 0, y: 0, z: 0, w: 1}
  m_LocalPosition: {x: 0, y: 0, z: 0}
  m_LocalScale: {x: 1, y: 1, z: 1}
  m_LocalEulerAnglesHint: {x: 0, y: 0, z: 0}
  m_Children:
  - {fileID: 971501641}
  - {fileID: 1250963995}
  - {fileID: 790007457}
  m_Father: {fileID: 623052675}
  m_RootOrder: 2
  m_AnchorMin: {x: 0, y: 0}
  m_AnchorMax: {x: 1, y: 1}
  m_AnchoredPosition: {x: 0, y: 0}
  m_SizeDelta: {x: 0, y: 0}
  m_Pivot: {x: 0.5, y: 0.5}
--- !u!95 &1042742283
Animator:
  serializedVersion: 3
  m_ObjectHideFlags: 0
  m_PrefabParentObject: {fileID: 0}
  m_PrefabInternal: {fileID: 0}
  m_GameObject: {fileID: 1042742281}
  m_Enabled: 1
  m_Avatar: {fileID: 0}
  m_Controller: {fileID: 9100000, guid: 4ba03f78e061ed6489b055773935d5f4, type: 2}
  m_CullingMode: 0
  m_UpdateMode: 0
  m_ApplyRootMotion: 0
  m_LinearVelocityBlending: 0
  m_WarningMessage: 
  m_HasTransformHierarchy: 1
  m_AllowConstantClipSamplingOptimization: 1
--- !u!1 &1250963994
GameObject:
  m_ObjectHideFlags: 0
  m_PrefabParentObject: {fileID: 0}
  m_PrefabInternal: {fileID: 0}
  serializedVersion: 4
  m_Component:
  - 224: {fileID: 1250963995}
  m_Layer: 0
  m_Name: target00
  m_TagString: Untagged
  m_Icon: {fileID: 0}
  m_NavMeshLayer: 0
  m_StaticEditorFlags: 0
  m_IsActive: 1
--- !u!224 &1250963995
RectTransform:
  m_ObjectHideFlags: 0
  m_PrefabParentObject: {fileID: 0}
  m_PrefabInternal: {fileID: 0}
  m_GameObject: {fileID: 1250963994}
  m_LocalRotation: {x: 0, y: 0, z: 0, w: 1}
  m_LocalPosition: {x: 0, y: 0, z: 0}
  m_LocalScale: {x: 1, y: 1, z: 1}
  m_LocalEulerAnglesHint: {x: 0, y: 0, z: 0}
  m_Children:
  - {fileID: 372719281}
  m_Father: {fileID: 1042742282}
  m_RootOrder: 1
  m_AnchorMin: {x: 0.5, y: 0.5}
  m_AnchorMax: {x: 0.5, y: 0.5}
  m_AnchoredPosition: {x: 0, y: 0}
  m_SizeDelta: {x: 310.792, y: 399.7296}
  m_Pivot: {x: 0.5, y: 0.5}
--- !u!224 &1461397200 stripped
RectTransform:
  m_PrefabParentObject: {fileID: 22414530, guid: 04703997e56a9e74c9f3006c2b0955ac,
    type: 2}
  m_PrefabInternal: {fileID: 839974818}
--- !u!1001 &2050416110
Prefab:
  m_ObjectHideFlags: 0
  serializedVersion: 2
  m_Modification:
    m_TransformParent: {fileID: 790007457}
    m_Modifications:
    - target: {fileID: 22443688, guid: 6e3d7018f89c61443a41f3a4764eaf17, type: 2}
      propertyPath: m_LocalPosition.x
      value: 0
      objectReference: {fileID: 0}
    - target: {fileID: 22443688, guid: 6e3d7018f89c61443a41f3a4764eaf17, type: 2}
      propertyPath: m_LocalPosition.y
      value: 0
      objectReference: {fileID: 0}
    - target: {fileID: 22443688, guid: 6e3d7018f89c61443a41f3a4764eaf17, type: 2}
      propertyPath: m_LocalPosition.z
      value: 0
      objectReference: {fileID: 0}
    - target: {fileID: 22443688, guid: 6e3d7018f89c61443a41f3a4764eaf17, type: 2}
      propertyPath: m_LocalRotation.x
      value: 0
      objectReference: {fileID: 0}
    - target: {fileID: 22443688, guid: 6e3d7018f89c61443a41f3a4764eaf17, type: 2}
      propertyPath: m_LocalRotation.y
      value: 0
      objectReference: {fileID: 0}
    - target: {fileID: 22443688, guid: 6e3d7018f89c61443a41f3a4764eaf17, type: 2}
      propertyPath: m_LocalRotation.z
      value: 0
      objectReference: {fileID: 0}
    - target: {fileID: 22443688, guid: 6e3d7018f89c61443a41f3a4764eaf17, type: 2}
      propertyPath: m_LocalRotation.w
      value: 1
      objectReference: {fileID: 0}
    - target: {fileID: 22443688, guid: 6e3d7018f89c61443a41f3a4764eaf17, type: 2}
      propertyPath: m_RootOrder
      value: 1
      objectReference: {fileID: 0}
    - target: {fileID: 22443688, guid: 6e3d7018f89c61443a41f3a4764eaf17, type: 2}
      propertyPath: m_AnchoredPosition.x
      value: 0
      objectReference: {fileID: 0}
    - target: {fileID: 22443688, guid: 6e3d7018f89c61443a41f3a4764eaf17, type: 2}
      propertyPath: m_AnchoredPosition.y
      value: 0
      objectReference: {fileID: 0}
    - target: {fileID: 22443688, guid: 6e3d7018f89c61443a41f3a4764eaf17, type: 2}
      propertyPath: m_SizeDelta.x
      value: 0
      objectReference: {fileID: 0}
    - target: {fileID: 22443688, guid: 6e3d7018f89c61443a41f3a4764eaf17, type: 2}
      propertyPath: m_SizeDelta.y
      value: 0
      objectReference: {fileID: 0}
    - target: {fileID: 22443688, guid: 6e3d7018f89c61443a41f3a4764eaf17, type: 2}
      propertyPath: m_AnchorMin.x
      value: 0
      objectReference: {fileID: 0}
    - target: {fileID: 22443688, guid: 6e3d7018f89c61443a41f3a4764eaf17, type: 2}
      propertyPath: m_AnchorMin.y
      value: 0
      objectReference: {fileID: 0}
    - target: {fileID: 22443688, guid: 6e3d7018f89c61443a41f3a4764eaf17, type: 2}
      propertyPath: m_AnchorMax.x
      value: 1
      objectReference: {fileID: 0}
    - target: {fileID: 22443688, guid: 6e3d7018f89c61443a41f3a4764eaf17, type: 2}
      propertyPath: m_AnchorMax.y
      value: 1
      objectReference: {fileID: 0}
    - target: {fileID: 22443688, guid: 6e3d7018f89c61443a41f3a4764eaf17, type: 2}
      propertyPath: m_Pivot.x
      value: 0.5
      objectReference: {fileID: 0}
    - target: {fileID: 22443688, guid: 6e3d7018f89c61443a41f3a4764eaf17, type: 2}
      propertyPath: m_Pivot.y
      value: 0.5
      objectReference: {fileID: 0}
    m_RemovedComponents: []
  m_ParentPrefab: {fileID: 100100000, guid: 6e3d7018f89c61443a41f3a4764eaf17, type: 2}
  m_IsPrefabParent: 0
